<?xml version="1.0" encoding="UTF-8"?><collection xmlns="http://www.loc.gov/MARC21/slim"><record><leader>00461nam--2200181-i-4500</leader><controlfield tag="001">000040774</controlfield><controlfield tag="002">20161230</controlfield><controlfield tag="005">20170205233652</controlfield><controlfield tag="008">060222s1000------------r-----000-0-eng-d</controlfield><datafield ind1=" " ind2=" " tag="080"><subfield code="a">530.145:535:53</subfield></datafield><datafield ind1=" " ind2=" " tag="100"><subfield code="a">Schilling, Heinz</subfield></datafield><datafield ind1=" " ind2=" " tag="245"><subfield code="a">Elektrik -optik-quantentheorie</subfield></datafield><datafield ind1=" " ind2=" " tag="260"><subfield code="a">Leipzig</subfield><subfield code="b">Veb Fachbuchverlag</subfield><subfield code="c">1975</subfield></datafield><datafield ind1=" " ind2=" " tag="300"><subfield code="a">336 p</subfield></datafield><datafield ind1=" " ind2=" " tag="490"><subfield code="a">Physik In Beispielen</subfield></datafield><datafield ind1=" " ind2=" " tag="700"><subfield code="a">Hajko, Vladimir</subfield></datafield><datafield ind1=" " ind2=" " tag="852"><subfield code="a">43860</subfield></datafield><datafield ind1=" " ind2=" " tag="CAT"><subfield code="a">SYS</subfield><subfield code="c">20170205</subfield><subfield code="h">233652</subfield></datafield></record></collection>